@article{austin_2011, title={An Introduction to Propensity Score Methods for Reducing the Effects of Confounding in Observational Studies}, volume={46}, DOI={10.1080/00273171.2011.568786}, number={3}, journal={Multivariate Behavioral Research}, author={Austin, Peter C.}, year={2011}, pages={399–424}}
@article{goldberger_1983, title={Abnormal Selection Bias}, DOI={10.1016/b978-0-12-398750-1.50009-7}, journal={Studies in Econometrics, Time Series, and Multivariate Statistics}, author={Goldberger, Arthur S.}, year={1983}, pages={67–84}}
@article{heckman_1979, title={Sample Selection Bias As a Specification Error}, volume={47}, DOI={10.3386/w0172}, number={1}, journal={Econometrica}, author={Heckman, James}, year={1979}, month={Jan}}
@article{newey_hansen_duflo_robins_chernozhukov_demirer_chetverikov_2017, title={Double/debiased machine learning for treatment and structural parameters}, DOI={10.1920/wp.cem.2017.2817}, author={Newey, Whitney K. and Hansen, Christian and Duflo, Esther and Robins, James and Chernozhukov, Victor and Demirer, Mert and Chetverikov, Denis}, year={2017}}
@article{puhani_2000, title={The Heckman Correction for Sample Selection and Its Critique}, volume={14}, DOI={10.1111/1467-6419.00104}, number={1}, journal={Journal of Economic Surveys}, author={Puhani, Patrick}, year={2000}, month={Dec}, pages={53–68}}
@article{rosenbaum_rubin_1983, title={The Central Role of the Propensity Score in Observational Studies for Causal Effects}, volume={70}, DOI={10.1017/cbo9780511810725.016}, number={1}, journal={Biometrika}, author={Rosenbaum, Paul R. and Rubin, Donald B.}, year={1983}, month={Apr}, pages={41–55}}
@article{setoguchi_schneeweiss_brookhart_glynn_cook_2008, title={Evaluating uses of data mining techniques in propensity score estimation: a simulation study}, volume={17}, DOI={10.1002/pds.1555}, number={6}, journal={Pharmacoepidemiology and Drug Safety}, author={Setoguchi, Soko and Schneeweiss, Sebastian and Brookhart, M. Alan and Glynn, Robert J. and Cook, E. Francis}, year={2008}, month={Jun}, pages={546–555}}
@article{athey_2018, author = {Susan Athey} year = 2018 title={The Impact of Machine Learning on Economics} publisher = {University of Chicago Press} address = {Chicago}}
@article{winship_1992, title={Models for Sample Selection Bias}, volume={18}, DOI={10.1146/annurev.soc.18.1.327}, number={1}, journal={Annual Review of Sociology}, author={Winship, C}, year={1992}, pages={327–350}}
